<record><leader>00000cas a22000007a 4500</leader><controlfield tag="001">37216772</controlfield><controlfield tag="008">970630d19811981cauwr ne      0    0eng d</controlfield><datafield ind1=" " ind2=" " tag="010"><subfield code="a">sn 97069549 </subfield></datafield><datafield ind1=" " ind2=" " tag="040"><subfield code="a">CNK</subfield><subfield code="b">eng</subfield><subfield code="c">CNK</subfield><subfield code="d">OCLCQ</subfield><subfield code="d">OCLCF</subfield><subfield code="d">OCLCO</subfield></datafield><datafield ind1="1" ind2=" " tag="029"><subfield code="a">AU@</subfield><subfield code="b">000013335561</subfield></datafield><datafield ind1=" " ind2=" " tag="042"><subfield code="a">msc</subfield></datafield><datafield ind1=" " ind2=" " tag="043"><subfield code="a">n-us-ca</subfield></datafield><datafield ind1="0" ind2="0" tag="245"><subfield code="a">Downtown San Diego and smart shopper.</subfield></datafield><datafield ind1="1" ind2="7" tag="246"><subfield code="a">Downtown San Diego</subfield></datafield><datafield ind1=" " ind2=" " tag="260"><subfield code="a">San Diego, Ca :</subfield><subfield code="b">Gerard J. Yablonicky</subfield></datafield><datafield ind1=" " ind2=" " tag="300"><subfield code="a">v.</subfield></datafield><datafield ind1=" " ind2=" " tag="310"><subfield code="a">Weekly</subfield></datafield><datafield ind1="0" ind2=" " tag="362"><subfield code="a">Vol. 1, no. 32 (June 8, 1981)-v. 1, no. 50 (Oct. 12, 1981).</subfield></datafield><datafield ind1=" " ind2=" " tag="500"><subfield code="a">"Serving Downtown, Hillcrest and surrounding communities."</subfield></datafield><datafield ind1=" " ind2="0" tag="651"><subfield code="a">San Diego (Calif.)</subfield><subfield code="v">Newspapers.</subfield></datafield><datafield ind1=" " ind2="7" tag="655"><subfield code="a">Newspapers.</subfield><subfield code="2">fast</subfield><subfield code="0">(OCoLC)fst01423814</subfield></datafield><datafield ind1=" " ind2="7" tag="651"><subfield code="a">California</subfield><subfield code="z">San Diego.</subfield><subfield code="2">fast</subfield><subfield code="0">(OCoLC)fst01205232</subfield></datafield><datafield ind1=" " ind2=" " tag="752"><subfield code="a">United States</subfield><subfield code="b">California</subfield><subfield code="c">San Diego</subfield><subfield code="d">San Diego.</subfield></datafield><datafield ind1="0" ind2="0" tag="780"><subfield code="t">Downtown San Diego</subfield><subfield code="w">(DLC)sn 97069548</subfield></datafield><datafield ind1="0" ind2="0" tag="785"><subfield code="t">Downtown (San Diego, Calif.)</subfield><subfield code="w">(DLC)sn 97069550</subfield></datafield></record>